@online{NASACuriosity,
    author="NASA",
    title="NASA Curiosity",
    year={3333},
    url="http://mars.jpl.nasa.gov/msl/multimedia/interactives/learncuriosity/index-2.html",
    urldate={2014-04-29},
    note={{R}aadpleging: 2014-04-29}
}
@online{NASA2013-259,
    author="NASA",
    title="NASA Curiosity news",
    year={2222},
    note = {{R}aadpleging: 2014-04-29},
    url="http://www.jpl.nasa.gov/news/news.php?release=2013-259"
}

